<record><leader>00000cas a22000007a 4500</leader><controlfield tag="001">18957535</controlfield><controlfield tag="008">881231d18841885iauwr ne      0    0eng d</controlfield><datafield ind1=" " ind2=" " tag="010"><subfield code="a">sn 88060180 </subfield></datafield><datafield ind1=" " ind2=" " tag="040"><subfield code="a">INP</subfield><subfield code="b">eng</subfield><subfield code="c">INP</subfield><subfield code="d">OCLCQ</subfield></datafield><datafield ind1=" " ind2=" " tag="042"><subfield code="a">msc</subfield></datafield><datafield ind1="0" ind2=" " tag="130"><subfield code="a">Saturday herald (Oskaloosa, Iowa : 1884)</subfield></datafield><datafield ind1="1" ind2="0" tag="245"><subfield code="a">Saturday herald.</subfield></datafield><datafield ind1="3" ind2="0" tag="246"><subfield code="a">Oskaloosa herald</subfield></datafield><datafield ind1=" " ind2=" " tag="260"><subfield code="a">Oskaloosa, Mahaska County, Iowa :</subfield><subfield code="b">[Herald Print. Co.]</subfield></datafield><datafield ind1=" " ind2=" " tag="300"><subfield code="a">1 v.</subfield></datafield><datafield ind1=" " ind2=" " tag="310"><subfield code="a">Weekly</subfield></datafield><datafield ind1="0" ind2=" " tag="362"><subfield code="a">Vol. 1, no. 1 (July 19, 1884)-v. l, no. 41 (Apr. 25, 1885).</subfield></datafield><datafield ind1=" " ind2=" " tag="500"><subfield code="a">Vol. 1, no. 41 (Apr. 25, 1885) issue published as: Oskaloosa herald.</subfield></datafield><datafield ind1=" " ind2=" " tag="752"><subfield code="a">United States</subfield><subfield code="b">Iowa</subfield><subfield code="c">Mahaska</subfield><subfield code="d">Oskaloosa.</subfield></datafield><datafield ind1="0" ind2=" " tag="775"><subfield code="t">Weekly Oskaloosa herald</subfield><subfield code="w">(DLC)sn 84027329</subfield></datafield><datafield ind1="0" ind2="0" tag="785"><subfield code="t">Oskaloosa herald (Oskaloosa, Iowa : 1885)</subfield><subfield code="w">(DLC)sn 87058308</subfield></datafield></record>